@book{phillips2013physical,
  title={Physical Biology of the Cell},
  author={Phillips, R. and Kondev, J. and Theriot, J. and Orme, N.},
  isbn={9780815344506},
  lccn={2012030733},
  url={https://books.google.com.hk/books?id=JnyPZwEACAAJ},
  year={2013},
  publisher={Garland Science}
}
@misc{ enwiki:1186061310,
    author = "{Wikipedia contributors}",
    title = "Molecular motor --- {Wikipedia}{,} The Free Encyclopedia",
    year = "2023",
    howpublished = "\url{https://en.wikipedia.org/w/index.php?title=Molecular_motor&oldid=1186061310}",
    note = "[Online; accessed 10-December-2023]"
}