@ARTICLE{naima,
   author = {{Zabalza}, V.},
    title = {naima: a Python package for inference of relativistic particle
             energy distributions from observed nonthermal spectra},
     year = 2015,
  journal = {Proc.~of International Cosmic Ray Conference 2015},
    pages = "922",
   eprint = {1509.03319},
   adsurl = {http://adsabs.harvard.edu/abs/2015arXiv150903319Z},
}
@misc{ enwiki:1198233112,
    author = "{Wikipedia contributors}",
    title = "Crab Nebula --- {Wikipedia}{,} The Free Encyclopedia",
    year = "2024",
    howpublished = "\url{https://en.wikipedia.org/w/index.php?title=Crab_Nebula&oldid=1198233112}",
    note = "[Online; accessed 25-January-2024]"
}